@inproceedings{mobilegps,
	booktitle = {The Australian Conference on Robotics and Automation},
	editor = {Jonathan Roberts and Gordon Wyeth},
	title = {High Precision GPS Guidance of Mobile Robots},
	author = {Richard Willgoss and Vivian Rosenfeld and John Billingsley},
	publisher = {Australian Robotics and Automation Association Inc},
	year = {2003},
	url  = {http://www.araa.asn.au/acra/acra2003/papers/25.pdf},
	urldate = {2015-03-01}
}
@online{automower,
	author = {Husqvarna AB},
	title = {Husqvarna Automower 220 AC},
	year = {2015},
	url = {http://www.husqvarna.com/us/products/robotic-mowers/automower-220-ac/},
	urldate = {2015-03-01}
}
@online{radiometry,
	author = {Schlyter Paul},
	title = {Radiometry and Photometry in Astronomy},
	year = {2009},
	url = {http://stjarnhimlen.se/comp/radfaq.html},
	urldate = {2015-04-20}
}
@online{radiation,
	author = {Electro Optical Industries},
	title = {What is Visible Radiation?},
	year = {2015},
	url = {http://www.electro-optical.com/eoi_page.asp?h=What\%20Is\%20Visible\%20Radiation?},
	urldate = {2015-04-20}
}
@book{nema3r,
	author = {NEMA Standards Publication 250-2003},
	title = {Enclosures for Electical Equipment (1000 Volts Maximum)},
	publisher = {National Electrical Manufacturers Association},
	location = {Rosslyn, VA, USA},
	year = {2003}
}
@book{ip25,
	author = {IEC Standard 60529},
	title = {International Protection Marking},
	publisher = {International Electrotechnical Commission},
	year = {2004}
}